@IEEEtranBSTCTL{IEEEexample:BSTcontrol,
  CTLuse_article_number = "yes",
  CTLuse_paper = "yes",
  CTLuse_forced_etal = "no",
  CTLmax_names_forced_etal = "10",
  CTLnames_show_etal = "1",
  CTLuse_alt_spacing = "yes",
  CTLalt_stretch_factor = "4",
  CTLdash_repeated_names = "no",
  CTLname_format_string = "{f.˜}{vv˜}{ll}{, jj}",
  CTLname_latex_cmd = ""
};

@article{carrette1996discarding,
  author={P. Carrette and G. Bastin and Y Genin and M. Gevers},
  title={Discarding data may help in system identification},
  journal={{IEEE} transactions on signal processing},
  volume={44},
  month=Sep,
  year={1996},
  pages={2300--2310}
};

@article{bittencourt2015algorithm,
  author={A. C. Bittencourt and A. J. Isaksson and D. Peretzki and K. Forsman},
  title={An algorithm for finding process identification intervals from normal operating data},
  journal={Processes},
  volume={3},
  month=May,
  year={2015},
  pages={357--383}
};

@article{holcomb2017subspace,
  title={Subspace Identification with Multiple Data Records: unlocking the archive},
  author={Holcomb, Chad M and Bitmead, Robert R},
  journal={arXiv preprint arXiv:1704.02635},
  year={2017}
}

@article{shardt2013data,
  author={Y. A.W. Shardt and B. Huang},
  title={Data quality assessment of routine operating data for process identification},
  journal={Computers \& Chemical Engineering},
  volume={55},
  month={apr},
  year={2013},
  pages={19--27}
};

@article{wang2018searching,
  author={Wang, Jiandong and Su, Jianjun and Zhao, Yan and Zhou, Donghua},
  title={Searching historical data segments for process identification in feedback control loops},
  journal={Computers \& Chemical Engineering},
  volume={112},
  month={jan},
  year={2018},
  pages={6--16}
};

@inproceedings{holcomb2015gas,
  author={Holcomb, Chad M and Bitmead, Robert R},
  title={Gas turbine analytics using archival data sets},
  booktitle={{ASME} Turbo Expo 2015: Turbine Technical Conference and Exposition},
  address={Montreal, Canada},
  month={jun},
  year={2015},
  pages={V006T05A023--V006T05A023}
};

@inproceedings{shardt2014segmentation,
  author={Y. A. W. Shardt and S. L. Shah},
  title={Segmentation methods for model identification from historical process data},
  booktitle={Proc. of the 19th {IFAC} World Congress},
  address={Cape Town, South Africa},
  month={Aug},
  year={2014},
  pages={2836--2841}
};

@inproceedings{arengas2017search,
  author={D. Arengas and A. Kroll},
  title={A search method for selecting informative data in predominantly stationary historical records for multivariable system identification},
  booktitle={Proc. of the 21st International Conference on System Theory, Control and Computing {(ICSTCC)}},
  address = {Sinaia, Romania},
  month={Nov},
  year={2017},
  pages={100--105}
};

@inproceedings{arengas2017searching,
  author={D. Arengas and A. Kroll},
  title={Searching for informative intervals in predominantly stationary data records to support system identification},
  booktitle={Proc. of the {XXVI} International Conference on Information, Communication and Automation Technologies ({ICAT})},
  address={Sarajevo, Bosnia and Herzegovina},
  month={Oct},
  year={2017},
  pages={1--6}
};

@inproceedings{peretzki2011data,
  author={D. Peretzki and A. J. Isaksson and A. C. Bittencourt and K. Forsman},
  title={Data Mining of Historic Data for Process Identification},
  booktitle     = "Proc. of the {AIChE} Annual Meeting",
  address       = "Minneapolis, USA",
  month         = Oct,
  year          = "2011",
  pages         = "16-21"
};



@book{bazanella2011data,
  author="A. S. Bazanella and L. Campestrini and D. Eckhard",
  title="Data-driven controller design: the {H2} approach",
  publisher="Springer Science \& Business Media",
  address="Netherlands",
  year="2011"
};
